%% This BibTeX bibliography file was created using BibDesk.
%% http://bibdesk.sourceforge.net/


%% Created for Tomer Koren at 2013-05-31 20:32:57 +0300 


%% Saved with string encoding Unicode (UTF-8) 



@inproceedings{maron1994hoeffding,
	Author = {Maron, Oded and Moore, Andrew W},
	Booktitle = {NIPS},
	Date-Added = {2013-05-29 15:24:54 +0000},
	Date-Modified = {2013-05-30 16:12:09 +0000},
	Title = {Hoeffding Races: Accelerating Model Selection Search for Classification and Function Approximation},
	Year = {1994}}

@inproceedings{mnih2008empirical,
	Author = {Mnih, Volodymyr and Szepesv{\'a}ri, Csaba and Audibert, Jean-Yves},
	Booktitle = {ICML},
	Date-Added = {2013-05-29 15:24:09 +0000},
	Date-Modified = {2013-05-30 16:11:03 +0000},
	Organization = {ACM},
	Pages = {672--679},
	Title = {Empirical bernstein stopping},
	Year = {2008}}

@inproceedings{agarwal2011delayed,
	Author = {Alekh Agarwal and John C. Duchi},
	Booktitle = {NIPS},
	Date-Added = {2013-05-22 08:05:18 +0000},
	Date-Modified = {2013-05-22 08:05:40 +0000},
	Pages = {873-881},
	Title = {Distributed Delayed Stochastic Optimization},
	Year = {2011}}

@article{duchi2010distributed,
	Author = {Duchi, John and Agarwal, Alekh and Wainwright, Martin J},
	Date-Added = {2013-05-22 08:03:26 +0000},
	Date-Modified = {2013-05-30 16:12:36 +0000},
	Journal = {NIPS},
	Title = {Distributed dual averaging in networks},
	Volume = {23},
	Year = {2010}}

@article{auer2010ucb,
	Author = {Auer, Peter and Ortner, Ronald},
	Date-Added = {2013-05-20 16:24:45 +0000},
	Date-Modified = {2013-05-20 21:43:37 +0000},
	Journal = {Periodica Mathematica Hungarica},
	Number = {1-2},
	Pages = {55--65},
	Publisher = {Springer},
	Title = {{UCB} revisited: Improved regret bounds for the stochastic multi-armed bandit problem},
	Volume = {61},
	Year = {2010}}

@article{daume2012protocols,
	Author = {Daume III, Hal and Phillips, Jeff M and Saha, Avishek and Venkatasubramanian, Suresh},
	Date-Added = {2013-05-20 07:30:16 +0000},
	Date-Modified = {2013-05-20 07:30:23 +0000},
	Journal = {AISTAT},
	Title = {Protocols for learning classifiers on distributed data},
	Year = {2012}}

@inproceedings{daume2012efficient,
	Author = {Hal Daum{\'e} III and Jeff M. Phillips and Avishek Saha and Suresh Venkatasubramanian},
	Booktitle = {ALT},
	Date-Added = {2013-05-20 07:29:10 +0000},
	Date-Modified = {2013-05-20 07:30:44 +0000},
	Title = {Efficient Protocols for Distributed Classification and Optimization},
	Year = {2012}}

@inproceedings{kanade2012distributed,
	Author = {Kanade, Varun and Liu, Zhenming and Radunovic, Bozidar},
	Booktitle = {Advances in Neural Information Processing Systems 25},
	Date-Added = {2013-05-19 15:17:20 +0000},
	Date-Modified = {2013-05-19 15:17:20 +0000},
	Pages = {260--268},
	Title = {Distributed Non-Stochastic Experts},
	Year = {2012}}

@article{auer2002finite,
	Author = {Auer, P. and Cesa-Bianchi, N. and Fischer, P.},
	Date-Added = {2012-11-27 11:07:49 +0000},
	Date-Modified = {2012-11-27 11:07:49 +0000},
	Journal = {Machine learning},
	Number = {2},
	Pages = {235--256},
	Publisher = {Springer},
	Title = {Finite-time analysis of the multiarmed bandit problem},
	Volume = {47},
	Year = {2002}}

@article{liu2010distributed,
	Author = {Keqin Liu and Qing Zhao},
	Date-Added = {2012-11-20 14:44:20 +0000},
	Date-Modified = {2012-11-20 15:33:56 +0000},
	Journal = {IEEE Transactions on Signal Processing},
	Month = {Nov.},
	Number = {11},
	Pages = {5667-5681},
	Title = {Distributed Learning in Multi-Armed Bandit With Multiple Players},
	Volume = {58},
	Year = {2010},
	Bdsk-Url-1 = {http://dx.doi.org/10.1109/TSP.2010.2062509}}

@inproceedings{bubeck2009pure,
	Author = {Bubeck, S. and Munos, R. and Stoltz, G.},
	Booktitle = {Algorithmic Learning Theory},
	Date-Added = {2012-11-06 12:08:24 +0000},
	Date-Modified = {2012-11-06 12:08:24 +0000},
	Organization = {Springer},
	Pages = {23--37},
	Title = {Pure exploration in multi-armed bandits problems},
	Year = {2009}}

@article{gabillon2011multi,
	Author = {Gabillon, V. and Ghavamzadeh, M. and Lazaric, A. and Bubeck, S.},
	Date-Added = {2012-11-06 12:06:12 +0000},
	Date-Modified = {2012-11-06 13:17:25 +0000},
	Journal = {NIPS},
	Title = {Multi-bandit best arm identification},
	Year = {2011}}

@book{anthony1999neural,
	Author = {Anthony, M. and Bartlett, P.},
	Date-Added = {2012-11-05 09:44:23 +0000},
	Date-Modified = {2012-11-05 09:46:33 +0000},
	Publisher = {Cambridge University Press},
	Title = {Neural network learning: Theoretical foundations},
	Year = {1999}}

@article{dekel12,
	Author = {Dekel, O. and Gilad-Bachrach, R. and Shamir, O. and Xiao, L.},
	Date-Added = {2012-08-08 08:34:35 +0000},
	Date-Modified = {2012-08-08 08:34:42 +0000},
	Journal = {Journal of Machine Learning Research},
	Pages = {165--202},
	Title = {Optimal Distributed Online Prediction Using Mini-Batches},
	Volume = {13},
	Year = {2012}}

@article{daume12,
	Author = {Daume III, H. and Phillips, J.M. and Saha, A. and Venkatasubramanian, S.},
	Date-Added = {2012-08-08 08:27:08 +0000},
	Date-Modified = {2012-08-08 08:27:15 +0000},
	Journal = {Arxiv preprint arXiv:1204.3523},
	Title = {Efficient protocols for distributed classification and optimization},
	Year = {2012}}

@article{balcan12,
	Author = {Balcan, M.F. and Blum, A. and Fine, S. and Mansour, Y.},
	Date-Added = {2012-08-08 08:14:01 +0000},
	Date-Modified = {2012-08-08 08:14:13 +0000},
	Journal = {Arxiv preprint arXiv:1204.3514},
	Title = {Distributed learning, communication complexity and privacy},
	Year = {2012}}

@inproceedings{evendar02,
	Author = {Even-Dar, E. and Mannor, S. and Mansour, Y.},
	Booktitle = {COLT},
	Date-Added = {2012-08-01 06:56:36 +0000},
	Date-Modified = {2012-08-06 08:50:35 +0000},
	Organization = {Springer},
	Pages = {193--209},
	Title = {{PAC} bounds for multi-armed bandit and Markov decision processes},
	Year = {2002}}

@article{mannor04,
	Author = {Mannor, S. and Tsitsiklis, J.N.},
	Date-Added = {2012-07-25 09:14:02 +0000},
	Date-Modified = {2012-07-25 09:14:09 +0000},
	Journal = {The Journal of Machine Learning Research},
	Pages = {623--648},
	Publisher = {JMLR. org},
	Title = {The sample complexity of exploration in the multi-armed bandit problem},
	Volume = {5},
	Year = {2004}}

@inproceedings{audibert10,
	Author = {Jean-Yves Audibert and S{\'e}bastien Bubeck and R{\'e}mi Munos},
	Booktitle = {COLT},
	Date-Added = {2012-07-25 09:13:17 +0000},
	Date-Modified = {2013-05-31 17:32:33 +0000},
	Pages = {41-53},
	Title = {Best Arm Identification in Multi-Armed Bandits},
	Year = {2010}}

@article{evendar06,
	Author = {Even-Dar, E. and Mannor, S. and Mansour, Y.},
	Date-Added = {2012-07-25 09:11:06 +0000},
	Date-Modified = {2012-07-25 09:13:36 +0000},
	Journal = {The Journal of Machine Learning Research},
	Pages = {1079--1105},
	Publisher = {JMLR. org},
	Title = {Action elimination and stopping conditions for the multi-armed bandit and reinforcement learning problems},
	Volume = {7},
	Year = {2006}}

@inproceedings{COKE2008,
	Author = {Deepak Agarwal and Bee-Chung Chen and Pradheep Elango and Nitin Motgi and Seung-Taek Park and Raghu Ramakrishnan and Scott Roy and Joe Zachariah},
	Booktitle = {NIPS},
	Date-Modified = {2013-05-30 16:10:28 +0000},
	Location = {Vancouver, British Columbia, Canada},
	Month = {December},
	Pages = {17--24},
	Title = {Online Models for Content Optimization},
	Year = {2008}}

@inproceedings{COKE2009,
	Author = {Deepak Agarwal and Bee-Chung Chen and Pradheep Elango},
	Booktitle = {ICDM},
	Date-Modified = {2013-05-30 16:10:38 +0000},
	Location = {Miami, Florida, USA},
	Pages = {1--10},
	Title = {Explore/Exploit Schemes for Web Content Optimization},
	Year = {2009}}

@inproceedings{Dueling2009,
	Author = {Yisong Yue and Thorsten Joachims},
	Booktitle = {ICML},
	Date-Modified = {2013-05-30 16:11:54 +0000},
	Location = {Montreal, Quebec, Canada},
	Month = {June},
	Pages = {151},
	Title = {Interactively optimizing information retrieval systems as a dueling bandits problem},
	Year = {2009}}

@inproceedings{InterleavedBuckets,
	Author = {Filip Radlinski and Madhu Kurup and Thorsten Joachims},
	Booktitle = {CIKM},
	Date-Modified = {2013-05-30 16:11:34 +0000},
	Location = {Napa Valley, California, USA},
	Month = {October},
	Pages = {43--52},
	Title = {How does clickthrough data reflect retrieval quality?},
	Year = {2008}}

@inproceedings{COKE-mortal2008,
	Author = {Deepayan Chakrabarti and Ravi Kumar and Filip Radlinski and Eli Upfal},
	Booktitle = {NIPS},
	Date-Modified = {2013-05-30 16:13:10 +0000},
	Pages = {273--280},
	Title = {Mortal Multi-Armed Bandits},
	Year = {2008}}

@inproceedings{RTUF-learning2010,
	Author = {Taesup Moon and Lihong Li and Wei Chu and Ciya Liao and Zhaohui Zheng and Yi Chang},
	Booktitle = {Proc. 9th ACM Conference on Information and Knowledge Management (CIKM'2010)},
	Month = {October},
	Pages = {1501--1504},
	Title = {Online learning for recency search ranking using real-time user feedback},
	Year = {2010}}

@book{AttiyaDC2004,
	Author = {H. Attiya and J. Welch},
	Publisher = {John Wiley \& Sons},
	Title = {Distributed Computing: Fundamentals, Simulations, and Advanced Topics},
	Year = 2004}

@article{MapReduce08,
	Author = {Dean, Jeffrey and Ghemawat, Sanjay},
	Date-Modified = {2013-05-31 17:32:52 +0000},
	Journal = {Commun. ACM},
	Month = jan,
	Number = {1},
	Pages = {107--113},
	Title = {Map{R}educe: simplified data processing on large clusters},
	Volume = {51},
	Year = {2008}}
