%% This BibTeX bibliography file was created using BibDesk.
%% http://bibdesk.sourceforge.net/


%% Created for Tomer Koren at 2012-11-27 17:45:01 +0200 


%% Saved with string encoding Unicode (UTF-8) 



@article{auer2002finite,
	Author = {Auer, P. and Cesa-Bianchi, N. and Fischer, P.},
	Date-Added = {2012-11-27 11:07:49 +0000},
	Date-Modified = {2012-11-27 11:07:49 +0000},
	Journal = {Machine learning},
	Number = {2},
	Pages = {235--256},
	Publisher = {Springer},
	Title = {Finite-time analysis of the multiarmed bandit problem},
	Volume = {47},
	Year = {2002}}

@article{liu2010distributed,
	Author = {Keqin Liu and Qing Zhao},
	Date-Added = {2012-11-20 14:44:20 +0000},
	Date-Modified = {2012-11-20 15:33:56 +0000},
	Journal = {IEEE Transactions on Signal Processing},
	Month = {Nov.},
	Number = {11},
	Pages = {5667-5681},
	Title = {Distributed Learning in Multi-Armed Bandit With Multiple Players},
	Volume = {58},
	Year = {2010},
	Bdsk-Url-1 = {http://dx.doi.org/10.1109/TSP.2010.2062509}}

@inproceedings{bubeck2009pure,
	Author = {Bubeck, S. and Munos, R. and Stoltz, G.},
	Booktitle = {Algorithmic Learning Theory},
	Date-Added = {2012-11-06 12:08:24 +0000},
	Date-Modified = {2012-11-06 12:08:24 +0000},
	Organization = {Springer},
	Pages = {23--37},
	Title = {Pure exploration in multi-armed bandits problems},
	Year = {2009}}

@article{gabillon2011multi,
	Author = {Gabillon, V. and Ghavamzadeh, M. and Lazaric, A. and Bubeck, S.},
	Date-Added = {2012-11-06 12:06:12 +0000},
	Date-Modified = {2012-11-06 13:17:25 +0000},
	Journal = {NIPS},
	Title = {Multi-bandit best arm identification},
	Year = {2011}}

@book{anthony1999neural,
	Author = {Anthony, M. and Bartlett, P.},
	Date-Added = {2012-11-05 09:44:23 +0000},
	Date-Modified = {2012-11-05 09:46:33 +0000},
	Publisher = {Cambridge University Press},
	Title = {Neural network learning: Theoretical foundations},
	Year = {1999}}

@article{dekel12,
	Author = {Dekel, O. and Gilad-Bachrach, R. and Shamir, O. and Xiao, L.},
	Date-Added = {2012-08-08 08:34:35 +0000},
	Date-Modified = {2012-08-08 08:34:42 +0000},
	Journal = {Journal of Machine Learning Research},
	Pages = {165--202},
	Title = {Optimal Distributed Online Prediction Using Mini-Batches},
	Volume = {13},
	Year = {2012}}

@article{daume12,
	Author = {Daume III, H. and Phillips, J.M. and Saha, A. and Venkatasubramanian, S.},
	Date-Added = {2012-08-08 08:27:08 +0000},
	Date-Modified = {2012-08-08 08:27:15 +0000},
	Journal = {Arxiv preprint arXiv:1204.3523},
	Title = {Efficient protocols for distributed classification and optimization},
	Year = {2012}}

@article{balcan12,
	Author = {Balcan, M.F. and Blum, A. and Fine, S. and Mansour, Y.},
	Date-Added = {2012-08-08 08:14:01 +0000},
	Date-Modified = {2012-08-08 08:14:13 +0000},
	Journal = {Arxiv preprint arXiv:1204.3514},
	Title = {Distributed learning, communication complexity and privacy},
	Year = {2012}}

@inproceedings{evendar02,
	Author = {Even-Dar, E. and Mannor, S. and Mansour, Y.},
	Booktitle = {COLT},
	Date-Added = {2012-08-01 06:56:36 +0000},
	Date-Modified = {2012-08-06 08:50:35 +0000},
	Organization = {Springer},
	Pages = {193--209},
	Title = {{PAC} bounds for multi-armed bandit and Markov decision processes},
	Year = {2002}}

@article{mannor04,
	Author = {Mannor, S. and Tsitsiklis, J.N.},
	Date-Added = {2012-07-25 09:14:02 +0000},
	Date-Modified = {2012-07-25 09:14:09 +0000},
	Journal = {The Journal of Machine Learning Research},
	Pages = {623--648},
	Publisher = {JMLR. org},
	Title = {The sample complexity of exploration in the multi-armed bandit problem},
	Volume = {5},
	Year = {2004}}

@inproceedings{audibert10,
	Author = {Jean-Yves Audibert and S{\'e}bastien Bubeck and R{\'e}mi Munos},
	Bibsource = {DBLP, http://dblp.uni-trier.de},
	Booktitle = {COLT},
	Crossref = {DBLP:conf/colt/2010},
	Date-Added = {2012-07-25 09:13:17 +0000},
	Date-Modified = {2012-07-25 09:13:26 +0000},
	Ee = {http://www.colt2010.org/papers/59Audibert.pdf},
	Pages = {41-53},
	Title = {Best Arm Identification in Multi-Armed Bandits},
	Year = {2010}}

@article{evendar06,
	Author = {Even-Dar, E. and Mannor, S. and Mansour, Y.},
	Date-Added = {2012-07-25 09:11:06 +0000},
	Date-Modified = {2012-07-25 09:13:36 +0000},
	Journal = {The Journal of Machine Learning Research},
	Pages = {1079--1105},
	Publisher = {JMLR. org},
	Title = {Action elimination and stopping conditions for the multi-armed bandit and reinforcement learning problems},
	Volume = {7},
	Year = {2006}}

@inproceedings{COKE2008,
	Author = {Deepak Agarwal and Bee-Chung Chen and Pradheep Elango and Nitin Motgi and Seung-Taek Park and Raghu Ramakrishnan and Scott Roy and Joe Zachariah},
	Booktitle = {Proc. 22nd Annual Conference on Neural Information Processing Systems (NIPS'2008)},
	Location = {Vancouver, British Columbia, Canada},
	Month = {December},
	Pages = {17--24},
	Title = {Online Models for Content Optimization},
	Year = {2008}}

@inproceedings{COKE2009,
	Author = {Deepak Agarwal and Bee-Chung Chen and Pradheep Elango},
	Booktitle = {Proc. Ninth IEEE International Conference on Data Mining (ICDM'2009)},
	Location = {Miami, Florida, USA},
	Pages = {1--10},
	Title = {Explore/Exploit Schemes for Web Content Optimization},
	Year = {2009}}

@inproceedings{Dueling2009,
	Author = {Yisong Yue and Thorsten Joachims},
	Booktitle = {Proc. 26th Annual International Conference on Machine Learning (ICML'2009)},
	Date-Modified = {2012-11-06 12:56:27 +0000},
	Location = {Montreal, Quebec, Canada},
	Month = {June},
	Pages = {151},
	Title = {Interactively optimizing information retrieval systems as a dueling bandits problem},
	Year = {2009}}

@inproceedings{InterleavedBuckets,
	Author = {Filip Radlinski and Madhu Kurup and Thorsten Joachims},
	Booktitle = {Proc. 17th ACM Conference on Information and Knowledge Management (CIKM'2008)},
	Location = {Napa Valley, California, USA},
	Month = {October},
	Pages = {43--52},
	Title = {How does clickthrough data reflect retrieval quality?},
	Year = {2008}}

@inproceedings{COKE-mortal2008,
	Author = {Deepayan Chakrabarti and Ravi Kumar and Filip Radlinski and Eli Upfal},
	Booktitle = {Proc. 22nd Annual Conference on Neural Information Processing Systems (NIPS'2008)},
	Pages = {273--280},
	Title = {Mortal Multi-Armed Bandits},
	Year = {2008}}

@inproceedings{RTUF-learning2010,
	Author = {Taesup Moon and Lihong Li and Wei Chu and Ciya Liao and Zhaohui Zheng and Yi Chang},
	Booktitle = {Proc. 9th ACM Conference on Information and Knowledge Management (CIKM'2010)},
	Month = {October},
	Pages = {1501--1504},
	Title = {Online learning for recency search ranking using real-time user feedback},
	Year = {2010}}
